@mastersthesis{Xthesis_1,
    author    = "Khefif Bouchra",
    title     = "Mise au point d’une application de reconnaissance faciale",
    school    = "Université Abou Bakr Belkaid – Tlemcen Faculté des Sciences Département d’Informatique",
    type      = "Mémoire de fin d’études pour l’obtention du diplôme de Master en Informatique",
    year      = "2013",
    month     = "Novembre"
}


@mastersthesis{Xthesis_2,
    author    = "Andrea F. Abate and Michele Nappi and Daniel Riccio and Gabriele Sabatino",
    title     = "Pattern Recognition Letters 28 - 2D and 3D face recognition: A survey",
    school    = "Dipartimento di Matematica e Informatica, Università di Salerno, 84084 Fisciano (SA), Italy",
    type      = "Survey",
    year      = "2007",
    month     = "June"
}


@mastersthesis{Xthesis_3,
    author    = "Sofiane Boudjellal",
    title     = "Détection et identification de personne par méthode biométrique",
    school    = "Université Mouloud MAMMERI de TIZI-OUZOU (UMMTO)",
    type      = "Mémoire de Magister en Electronique - Option : Télédétection"
}


@phdthesis{Xphdthesis_1,
    author    = "Souhila Guerfi Ababsa",
    title     = "Authentification d’individus par reconnaissance de caractéristiques biométriques liées aux visages 2D/3D",
    school    = "Université Evry Val d'Essonne",
    type      = "Thèse de doctorat spécialité: Sciences de l'Ingénieur",
    year      = "2008",
    month     = "Octobre"
}


@phdthesis{Xphdthesis_2,
    author    = "Mébarka Belahcene",
    title     = "Authentification et Identification en Biométrie",
    school    = "Université MohamedKhider – Biskra. Faculté des Sciences et de la technologie",
    type      = "Thèse de doctorat en sciences en Automatique",
    year      = "2013",
    month     = "Janvier"
}


@phdthesis{Xphdthesis_3,
    author    = "Anis Chaari",
    title     = "Nouvelle approche d’identification dans les bases de données biométriques basée sur une classification non supervisée ",
    school    = "Université d’Evry Val d’Essonne ",
    type      = "Thèse pour obtenir le diplôme du doctorat - Spécialités Sciences pour l’ingénieur et Informatique ",
    year      = "2009",
    month     = "Octobre"
}


@misc{Xmisc_1,
    author    = "Michèle Gagnon",
    title     = "Tout savoir sur la biométrie - Le visage",
    year     = "2009",
    howpublished  = "\url{http://biometrics.over-blog.com/pages/Le-visage-2244683.html}"
}


@misc{Xmisc_2,
    author    = "Biometrie-online",
    title     = "Biometrics technologies - Operating principle",
    howpublished  = "\url{http://www.biometrie-online.net/technologies/fonctionnement}"
}


@misc{Xmisc_3,
    author    = "IDEMIA (OT-Morpho)",
    title     = "What is biometrics?",
    howpublished  = "\url{https://www.morpho.com/en/biometrics}"
}


@misc{Xmisc_4,
    author    = "Kaspersky",
    title     = "Aspects de sécurité de la technologie Face ID d’Apple",
    year      = "2017",
    month     = "Septembre",
    howpublished  = "\url{https://www.kaspersky.fr/blog/security-face-id-apple/9488/}"
}


@misc{Xmisc_5,
    author    = "Iphone.fr",
    title     = "Face ID : tout ce qu'il faut savoir sur la reconnaissance de visage de l'iPhone X",
    year      = "2017",
    month     = "Septembre",
    howpublished  = "\url{http://www.iphon.fr/post/face-id-tout-savoir-reconnaissance-faciale-iphone-x-888822}"
}


@misc{Xmisc_6,
    author    = "Euronews",
    title     = "Berlin teste les caméras à reconnaissance faciale",
    year      = "2017",
    month     = "Août",
    howpublished  = "\url{http://fr.euronews.com/2017/08/24/berlin-teste-les-cameras-a-reconnaissance-faciale}"
}


@image{Ximage_1,
   author = "Dr. Rolf P. Würtz",
   title = "Scholarpedia - Elastic Bunch Graph Matching",
   howpublished = "\url{http://www.scholarpedia.org/article/Elastic_Bunch_Graph_Matching}"
}
