@book
{ref1,
author = "Sébastien Combéfis",
title = "Systèmes d'exploitation - Structure des OS",
year = "2017",
publisher = "Ecole Centrale des Arts et Métiers, Bruxelles"
}


