@book
{ref1,
author = "Sébastien Combéfis",
title = "Architecture logicielle - Séance 2: Design patterns",
year = "2017",
publisher = "Ecole Centrale des Arts et Métiers, Bruxelles"
}


@book
{ref2,
author = "Erich Gamma; Richard Helm; Ralph Johnson; John Vlissides",
title ="Design Patterns - Catalogue de modèles de conception réutilisables",
year = "2007",
publisher = "Vuibert informatique"
}


@book
{ref3,
author = "Olivier Boissier; Gauthier Picard",
title = "Design Patterns",
year = "2009",
publisher = "Ecole Nationale Supérieure des Mines, Saint-Etienne"
}


@misc
{ref4,
author = "SourceMaking",
url = "\url{https://sourcemaking.com/design_patterns/strategy}"
}


@misc
{ref5,
author = "Wikipédia",
title = "Strategy Pattern",
year = "Last edited on 9 October 2017"
}



@book
{ref6,
author = "w3sdesign",
title = "The GoF Design Patterns Reference",
year = "2017"
}


@misc
{ref7,
title = "Pythia project, an online plateform to learn programming",
author = "Pythia-project.org",
url = "\url{https://github.com/pythia-project/pythia-core}"
}

@misc
{ref8,
title = "Concepts des MOMs et JMS: qu'est-ce qu'un middleware?",
author = "Smile.fr",
url = "\url{http://middleware.smile.fr/Concepts-des-moms-et-jms/Qu-est-ce-qu-un-middleware}"
}

