@book
{ref1,
author = "Sébastien Combéfis",
title = "Bases de données avancées - NoSQL",
year = "2017",
publisher = "Ecole Centrale des Arts et Métiers, Bruxelles"
}


